@article{alababneh2020,
    author = {Al-Ababneh, M. M.},
    year = {2020},
    title = {Linking ontology, epistemology and research methodology},
    journal = {Science \& Philosophy},
    volume = {8},
    number = {1},
    pages = {75--91},
}

@misc{anderson2023,
    author = {Anderson, S.},
    year = {2023},
    month = {March},
    title = {Enterprise Resource Planning (ERP): Meaning, Components and Examples},
    howpublished = {Retrieved from Investopedia: \url{https://www.investopedia.com/terms/e/erp.asp}},
}

@article{changn.d.,
    author = {Chang, M. K. and Cheung, W. and Cheng, C. H. and Yeung, J. H.},
    title = {International Journal of production economics},
    year = {n.d.},
    volume = {113},
    number = {2},
    pages = {928--942},
}

@article{chen1996,
    author = {Chen, M.-S. J.},
    title = {Data mining: an overview from a database perspective},
    journal = {IEEE Transactions on Knowledge and Data Engineering},
    year = {1996},
    volume = {8},
    number = {6},
    pages = {866--883},
}

@article{fan2015,
    author = {Fan, W. and Li, J. and Ma, S. and Ou, S. and Wang, Y.},
    title = {Association rules with graph patterns},
    journal = {Proceedings of the VLDB Endowment},
    year = {2015},
    volume = {8},
    number = {12},
    pages = {1502--1513},
}

@article{goldkuhl2012,
    author = {Goldkuhl, G.},
    title = {Pragmatism vs interpretivism in qualitative information systems research},
    journal = {European Journal of Information Systems},
    year = {2012},
    volume = {21},
    pages = {135--146},
}

@article{hammarberg2016,
    author = {Hammarberg, K. K.},
    title = {Qualitative research methods: when to use them and how to judge them},
    journal = {Human Reproduction},
    year = {2016},
    volume = {31},
    number = {3},
    pages = {498--501},
}

@book{hodler2022a,
    author = {Hodler, A. E.},
    year = {2022},
    title = {Graph data science using Neo4j: Massive Graph Analytics},
    publisher = {Chapman and Hall/CRC},
    pages = {433--457},
}

@article{hwang2018,
    author = {Hwang, M.},
    title = {Graph Processing Using SAP HANA: A Teaching Case},
    journal = {E-Journal of Business Education and Scholarship of Teaching},
    year = {2018},
    volume = {12},
    number = {2},
    pages = {155--165},
}

@online{johnpstevens2014,
    author = {JohnPStevens},
    year = {2014},
    month = {June},
    title = {Why you need metadata for Big Data success},
    url = {https://www.datasciencecentral.com/why-you-need-metadata-for-big-data-success/},
}

@article{kumbhare2014,
    author = {Kumbhare, T. A.},
    title = {An overview of association rule mining algorithms},
    journal = {International Journal of Computer Science and Information Technologies},
    year = {2014},
    volume = {5},
    number = {1},
    pages = {927--930},
}

@online{lombardi2023,
    author = {Lombardi, P.},
    year = {2023},
    month = {May},
    title = {What Is SAP? (How To Use SAP ERP Software in the Workplace)},
    url = {https://www.sap.com/about/what-is-sap.html},
}

@inproceedings{madni2017,
    author = {Madni, H. A.},
    title = {Data mining techniques and applications—A decade review},
    booktitle = {2017 23rd International Conference on Automation and Computing (ICAC)},
    year = {2017},
    pages = {191--209},
}

@online{marr2021,
    author = {Marr, B.},
    year = {2021},
    month = {March},
    title = {What Is Metadata – A Simple Explanation Of What Everyone Should Know},
    url = {https://bernardmarr.com/what-is-metadata-a-simple-explanation-of-what-everyone-should-know/},
}

@inproceedings{miller2013,
    author = {Miller, J. J.},
    title = {Graph database applications and concepts with Neo4j},
    booktitle = {Proceedings of the Southern Association for Information Systems Conference},
    year = {2013},
    address = {Atlanta, GA},
}

@article{pannurat2010,
    author = {Pannurat, N. K.},
    title = {Database reverse engineering based on association rule mining},
    journal = {arXiv preprint arXiv:1004.3272},
    year = {2010},
}

@article{rao2017,
    author = {Rao, S. S.},
    title = {LinkED: a novel methodology for publishing linked enterprise data},
    journal = {Journal of Computing and Information Technology},
    year = {2017},
    volume = {25},
    number = {3},
    pages = {191--209},
}

@article{sahay2016,
    author = {Sahay, A.},
    title = {Peeling Saunder's research onion},
    journal = {Research Gate},
    year = {2016},
    pages = {1--5},
}

@inproceedings{wilcox2015,
    author = {Wilcox, Chris},
    title = {The role of automation in undergraduate computer science education},
    booktitle = {Proceedings of the 46th ACM Technical Symposium on Computer Science Education},
    year = {2015},
}

@inproceedings{xie2008,
    author = {Xie, Yiwu and others},
    title = {The optimization and improvement of the Apriori algorithm},
    booktitle = {2008 International Workshop on Education Technology and Training \& 2008 International Workshop on Geoscience and Remote Sensing},
    volume = {2},
    year = {2008},
    organization = {IEEE},
}

@article{yuan2017,
    author = {Yuan, X.},
    title = {An improved Apriori algorithm for mining association rules},
    journal = {AIP Conference Proceedings},
    volume = {1820},
    number = {1},
    publisher = {AIP Publishing},
    year = {2017},
}

@online{gradcoach,
    author = {Grad Coach},
    title = {Saunders' Research Onion Explained (+ Examples)},
    url = {https://gradcoach.com/saunders-research-onion/},
    year = {2023},
    month = {July 28},
    note = {Date accessed: August 11, 2023},
}

@inproceedings{galkin2016,
    author = {Galkin, Mikhail and Auer, S{\"o}ren and Scerri, Simon},
    title = {Enterprise knowledge graphs: a backbone of linked enterprise data},
    booktitle = {2016 IEEE/WIC/ACM International Conference on Web Intelligence (WI)},
    pages = {497-502},
    organization = {IEEE},
    month = {October},
    year = {2016},
}

@article{singh2023life,
  title={Life Science Industry: Safeguarding Sensitive Data with SAP Cloud, AI, and Cyber Security},
  author={Singh, G. and Sarkar, B. and Dave, R.},
  journal={},
  year={2023},
  volume={},
  number={},
  pages={},
  publisher={},
}

@article{cox2020saps,
  title={SAP's Business Technology Platform is a major milestone in the Intelligent Enterprise story from SAP},
  author={Cox, J.},
  journal={},
  year={2020},
  volume={},
  number={},
  pages={},
  publisher={},
}
